@article{Xu2011TotalAmines,
    title = {{Total pressure and CO2 solubility at high temperature in aqueous amines}},
    year = {2011},
    journal = {Energy Procedia},
    author = {Xu, Qing and Rochelle, Gary},
    month = {1},
    pages = {117--124},
    volume = {4},
    publisher = {Elsevier},
    doi = {10.1016/J.EGYPRO.2011.01.031},
    issn = {1876-6102},
    keywords = {Aqueous amine, High pressure, High temperature}
}

@article{Gaspar2015ACase-study,
    title = {{A general enhancement factor model for absorption and desorption systems: A CO2 capture case-study}},
    year = {2015},
    journal = {Chemical Engineering Science},
    author = {Gaspar, Jozsef and Fosb{\o}l, Philip Loldrup},
    pages = {203--215},
    volume = {138},
    publisher = {Elsevier},
    url = {http://dx.doi.org/10.1016/j.ces.2015.08.023},
    doi = {10.1016/j.ces.2015.08.023},
    issn = {00092509},
    keywords = {CO2 post-combustion capture, Enhancement factor, Mass transfer rate, Surface renewal model, Two-film model}
}

@article{Billet1999PredictionPackings,
    title = {{Prediction of Mass Transfer Columns with Dumped and Arranged Packings}},
    year = {1999},
    journal = {Chemical Engineering Research and Design},
    author = {Billet, R. and Schultes, M.},
    number = {6},
    pages = {498--504},
    volume = {77},
    doi = {10.1205/026387699526520},
    issn = {02638762},
    keywords = {liquid holdup, loading point, mass transfer, mass transfer coef cients, ooding point, packings, pressure drop}
}

@article{Tsai2010MassPacking,
    title = {{Mass transfer area of structured packing}},
    year = {2010},
    journal = {University of Texas},
    author = {Tsai, Robert Edison},
    pages = {400}
}

@article{SoaresChinen2018DevelopmentQuantification,
    title = {{Development of a Rigorous Modeling Framework for Solvent-Based CO2 Capture. 1. Hydraulic and Mass Transfer Models and Their Uncertainty Quantification}},
    year = {2018},
    journal = {Industrial and Engineering Chemistry Research},
    author = {Soares Chinen, Anderson and Morgan, Joshua C. and Omell, Benjamin and Bhattacharyya, Debangsu and Tong, Charles and Miller, David C.},
    number = {31},
    month = {8},
    pages = {10448--10463},
    volume = {57},
    publisher = {American Chemical Society},
    doi = {10.1021/acs.iecr.8b01471},
    issn = {15205045}
}

